@Misc{acr,
  title = {{\emph{¡Acepta el Reto!}}},
  note  = {https://www.aceptaelreto.com/},
}

@Misc{uva,
  title = {{Juez online de la Universidad de Valladolid}},
  note  = {https://uva.onlinejudge.org/},
}

@book{cormen,
  title={{I}ntroduction to {A}lgorithms},
  author={Cormen, Thomas H.},
  year={2009},
  publisher={MIT press}
}

@book{halim,
  title={{Competitive programming}},
  author={Halim, Steven and Halim, Felix and Skiena, Steven S. and Revilla, Miguel A.},
  year={2010},
  publisher={Lulu, 2013}
}

@book{revilla,
  title={{Desafíos de Programación}},
  author={Revilla, Miguel A. and Skiena, Steven S.},
  year={2012},
}
